<record><leader>00000cas a2200000 a 4500</leader><controlfield tag="001">805951266</controlfield><controlfield tag="008">120813u1886uuuuilumr ne      |   a0eng c</controlfield><controlfield tag="009">11088</controlfield><datafield ind1=" " ind2=" " tag="010"><subfield code="a">  2012271024</subfield></datafield><datafield ind1=" " ind2=" " tag="040"><subfield code="a">NVF</subfield><subfield code="b">eng</subfield><subfield code="c">NVF</subfield><subfield code="d">OCLCO</subfield><subfield code="d">OCLCA</subfield></datafield><datafield ind1=" " ind2=" " tag="042"><subfield code="a">pcc</subfield></datafield><datafield ind1=" " ind2=" " tag="043"><subfield code="a">n-us-il</subfield></datafield><datafield ind1="0" ind2="0" tag="245"><subfield code="a">Vandalia district advocate.</subfield></datafield><datafield ind1=" " ind2=" " tag="260"><subfield code="a">Centralia, Ill. :</subfield><subfield code="b">John Leeper,</subfield><subfield code="c">1886-</subfield></datafield><datafield ind1=" " ind2=" " tag="300"><subfield code="a">v.</subfield></datafield><datafield ind1=" " ind2=" " tag="310"><subfield code="a">Monthly</subfield></datafield><datafield ind1=" " ind2=" " tag="500"><subfield code="a">"Published in the interest of Vandalia District, Southern Illnois Conference, M. E. Church."</subfield></datafield><datafield ind1=" " ind2=" " tag="588"><subfield code="a">Description based on: Vol. 1, no. 7 (Apr. 15, 1886).</subfield></datafield><datafield ind1=" " ind2="0" tag="650"><subfield code="a">Methodist Episcopal Church</subfield><subfield code="z">United States</subfield><subfield code="z">Illinois</subfield><subfield code="v">Newspapers.</subfield></datafield><datafield ind1=" " ind2="0" tag="651"><subfield code="a">Centralia (Ill.)</subfield><subfield code="v">Newspapers.</subfield></datafield><datafield ind1=" " ind2="0" tag="651"><subfield code="a">Vandalia (Ill.)</subfield><subfield code="v">Newspapers.</subfield></datafield><datafield ind1="2" ind2=" " tag="710"><subfield code="a">Methodist Episcopal Church.</subfield><subfield code="b">Vandalia, District, Southern Illinois Conference.</subfield></datafield><datafield ind1=" " ind2=" " tag="752"><subfield code="a">United States</subfield><subfield code="b">Illinois</subfield><subfield code="c">Marion</subfield><subfield code="d">Centralia.</subfield></datafield></record>